<?xml version="1.0" encoding="UTF-8"?><collection xmlns="http://www.loc.gov/MARC21/slim"><record><leader>00448nam--2200145-i-4500</leader><controlfield tag="001">000012176</controlfield><controlfield tag="002">20161230</controlfield><controlfield tag="005">20161230201029</controlfield><controlfield tag="008">060222s1000------------r-----000-0-eng-d</controlfield><datafield ind1=" " ind2=" " tag="080"><subfield code="a">517.544.8(043)</subfield></datafield><datafield ind1=" " ind2=" " tag="100"><subfield code="a">Chollet, Anne-marie</subfield></datafield><datafield ind1=" " ind2=" " tag="245"><subfield code="a">Zeros a la frontiere de fonctions analytiques d une ouplusieurs variables complexes.these</subfield></datafield><datafield ind1=" " ind2=" " tag="260"><subfield code="a">Paris, L Universite De Paris, 1976. 119 P</subfield></datafield><datafield ind1=" " ind2=" " tag="852"><subfield code="a">44844</subfield><subfield code="c">517.53</subfield></datafield><datafield ind1=" " ind2=" " tag="CAT"><subfield code="a">Sys</subfield><subfield code="c">20080819</subfield><subfield code="h">133828</subfield></datafield></record></collection>